@article{2019ApJ...884...14S,
       author = {{Sheikh}, Sofia Z. and {Wright}, Jason T. and {Siemion}, Andrew and {Enriquez}, J. Emilio},
        title = "{Choosing a Maximum Drift Rate in a SETI Search: Astrophysical Considerations}",
      journal = {\apj},
     keywords = {extraterrestrial intelligence, radio lines: general, techniques: image processing, Astrophysics - Instrumentation and Methods for Astrophysics},
         year = 2019,
        month = oct,
       volume = {884},
       number = {1},
          eid = {14},
        pages = {14},
          doi = {10.3847/1538-4357/ab3fa8},
archivePrefix = {arXiv},
       eprint = {1910.01148},
 primaryClass = {astro-ph.IM},
       adsurl = {https://ui.adsabs.harvard.edu/abs/2019ApJ...884...14S},
      adsnote = {Provided by the SAO/NASA Astrophysics Data System}
}

